@BOOK{perl,
  author = {Perl, Martin L.},
  title = {High Energy Hadron Physcs},
  publisher = {Wiley},
}

@article{Mikhasenko:2017rkh,
      author         = "Mikhasenko, M. and Pilloni, A. and Nys, J. and
                        Albaladejo, M. and Fernandez-Ramirez, C. and Jackura, A.
                        and Mathieu, V. and Sherrill, N. and Skwarnicki, T. and
                        Szczepaniak, A. P.",
      title          = "{What is the right formalism to search for resonances?}",
      collaboration  = "JPAC",
      journal        = "Eur. Phys. J.",
      volume         = "C78",
      year           = "2018",
      number         = "3",
      pages          = "229",
      doi            = "10.1140/epjc/s10052-018-5670-y",
      eprint         = "1712.02815",
      archivePrefix  = "arXiv",
      primaryClass   = "hep-ph",
      reportNumber   = "JLAB-THY-17-2606",
      SLACcitation   = "%%CITATION = ARXIV:1712.02815;%%"
}

@BOOK{Collins,
  author = {Collins, P. D. B.},
  title = {An Introduction to Regge Theory and High-Energy Physics},
  year = {2009},
  publisher = {Cambrige Univ. Press},
  address = {Cambridge, UK},
  subtitle = {Cambridge Monographs on Mathematical Physics},
}

@article{Trueman,
  title = {Kinematic Singularities and Constraints of Helicity Amplitudes},
  author = {Trueman, T. L.},
  journal = {Phys. Rev.},
  volume = {173},
  issue = {5},
  pages = {1684--1694},
  numpages = {0},
  year = {1968},
  month = {Sep},
  publisher = {American Physical Society},
  doi = {10.1103/PhysRev.173.1684},
  url = {https://link.aps.org/doi/10.1103/PhysRev.173.1684}
}
